
@article{aguinis2017MedMod,
	title={Improving our understanding of moderation and mediation in strategic management research},
	author={Aguinis, Herman and Edwards, Jeffrey R and Bradley, Kyle J},
	journal={Organizational Research Methods},
	volume={20},
	number={4},
	pages={665--685},
	year={2017},
	doi={https://doi.org/10.1177/1094428115627498},
	publisher={Sage Publications Sage CA: Los Angeles, CA}
}

@article{aguinis_theoryOPR,
  author = {Aguinis, H. and Cronin, M. A.},
  title = {It’s the theory, stupid},
  journal = {Organizational Psychology Review},
  year = {in press},
  doi = {10.1177/20413866221080629}
}

@article{aguinis2024performance,
	title={Performance: Confirming, refining, and refuting theories},
	author={Aguinis, Herman and Beltran, Jose R and Marshall, Jason D},
	journal={Journal of Management Scientific Reports},
	volume={2},
	number={2},
	pages={135--153},
	year={2024},
	doi={10.1177/27550311241247487},
	publisher={SAGE Publications Sage CA: Los Angeles, CA}
}

@article{alessandri2020trait,
	title={Personality trait change at work: Associations with organizational socialization and identification},
	author={Alessandri, Guido and Perinelli, Enrico and Robins, Richard W and Vecchione, Michele and Filosa, Lorenzo},
	journal={Journal of Personality},
	volume={88},
	number={6},
	pages={1217--1234},
	year={2020},
	doi={10.1111/jopy.12567},
	publisher={Wiley Online Library}
}

@article{allen2023face,
	title={Face validity: A critical but ignored component of scale construction in psychological assessment},
	author={Allen, Mark S and Robson, Davina A and Iliescu, Dragos},
	journal={European Journal of Psychological Assessment},
	year={2023},
	volume={39},
	number={3},
	pages={153–-156},
	doi={10.1027/1015-5759/a000777},
	publisher={Hogrefe Publishing}
}

@article{banks2018_text,
	title={A review of best practice recommendations for text analysis in {R} (and a user-friendly app)},
	author={Banks, George C and Woznyj, Haley M and Wesslen, Ryan S and Ross, Roxanne L},
	journal={Journal of Business and Psychology},
	volume={33},
	number={4},
	pages={445--459},
	year={2018},
	doi={10.1007/s10869-017-9528-3},
	publisher={Springer}
}

@book{bauer2024HR,
	title={Human resource management: People, data, and analytics},
	author={Bauer, Talya and Erdogan, Berrin and Caughlin, David and Truxillo, Donald},
	year={2024},
	edition = {2},
	publisher={Sage Publications}
}

@article{bliese2024_AOM,
	title={Strengthening {T}heory–{M}ethods–{D}ata Links},
	author={Bliese, Paul D. and Certo, S. Trevis and Smith, Anne D. and Wang, Mo and Gruber, Marc},
	journal={Academy of Management Journal},
	volume={67},
	number={4},
	pages={893--902},
	year={2024},
	doi={10.5465/amj.2024.4004}
}


@book{bollen1989,
	title={Structural equations with latent variables},
	author={Bollen, K A},
	year={1989},
	publisher={Wiley},
	doi={10.1002/9781118619179}
}

@article{borsboom2006,
  author = {Borsboom, D.},
  title = {The attack of the psychometricians},
  journal = {Psychometrika},
  year = {2006},
  volume = {71},
  number = {3},
  pages = {425-440},
  doi = {10.1007/s11336-006-1447-6}
}

@incollection{brandmaier2023machine,
	title={Machine learning approaches to structural equation modeling},
	author={Brandmaier, Andreas M. and Jacobucci, Ross C.},
	booktitle={Handbook of Structural Equation Modeling},
	editor={Hoyle, Rick H.},
	edition={2},
	pages={722--739},
	year={2023},
	publisher={Guilford Press}
}

@book{braun2022thematic,
	title={Thematic Analysis: A Practical Guide},
	author={Braun, Virginia and Clarke, Victoria},
	year={2022},
	publisher={Sage}
}


@article{breiman2001,
	author = {Breiman, L.},
	title = {Statistical modeling: The two cultures},
	journal = {Statistical Science},
	year = {2001},
	volume = {16},
	number = {3},
	pages = {199--215},
	doi = {10.1214/ss/1009213726}
}

@article{campion2023machine,
	title={Machine learning applications to personnel selection: Current illustrations, lessons learned, and future research},
	author={Campion, Michael A and Campion, Emily D},
	journal={Personnel Psychology},
	volume={76},
	number={4},
	pages={993--1009},
	year={2023},
	doi={10.1111/peps.12621},
	publisher={Wiley Online Library}
}

@book{caughlin2024r,
	author    = {Caughlin, David E.},
	title     = {R for {HR}: An Introduction to Human Resource Analytics Using {R}},
	year      = {2024},
	note      = {Available at \url{https://rforhr.com/}}
}

@article{cheung2024validity,
	title={Reporting reliability, convergent and discriminant validity with structural equation modeling: A review and best-practice recommendations},
	author={Cheung, Gordon W and Cooper-Thomas, Helena D and Lau, Rebecca S and Wang, Linda C},
	journal={Asia Pacific Journal of Management},
	pages={745-–783},
	volume={41},
	year={2024},
	publisher={Springer},
	doi={10.1007/s10490-023-09871-y}
}

@article{colquitt2019content,
	title={Content validation guidelines: Evaluation criteria for definitional correspondence and definitional distinctiveness.},
	author={Colquitt, Jason A and Sabey, Tyler B and Rodell, Jessica B and Hill, Edwyna T},
	journal={Journal of Applied Psychology},
	volume={104},
	number={10},
	pages={1243–1265},
	year={2019},
	doi={10.1037/apl0000406},
	publisher={American Psychological Association}
}

@article{cortina2020alpha,
	title={From alpha to omega and beyond! A look at the past, present, and (possible) future of psychometric soundness in the Journal of Applied Psychology},
	author={Cortina, Jose M and Sheng, Zitong and Keener, Sheila K and Keeler, Kathleen R and Grubb, Leah K and Schmitt, Neal and Tonidandel, Scott and Summerville, Karoline M and Heggestad, Eric D and Banks, George C},
	journal={Journal of Applied Psychology},
	volume={105},
	number={12},
	pages={1351–-1381},
	year={2020},
	doi={10.1037/apl0000815},
	publisher={American Psychological Association}
}

@article{edwards2024hr,
	author    = {Edwards, Martin R. and Charlwood, Andy and Guenole, Nigel and Marler, Janet},
	title     = {{HR} analytics: An emerging field finding its place in the world alongside simmering ethical challenges},
	journal   = {Human Resource Management Journal},
	volume    = {34},
	number    = {2},
	pages     = {326-336},
	year      = {2024},
	doi       = {10.1111/1748-8583.12435}
}

@article{gonzalez2023mlm,
	title={Conducting and evaluating multilevel studies: Recommendations, resources, and a checklist},
	author={Gonz{\'a}lez-Rom{\'a}, Vicente and Hern{\'a}ndez, Ana},
	journal={Organizational Research Methods},
	volume={26},
	number={4},
	pages={629--654},
	year={2023},
	publisher={Sage Publications Sage CA: Los Angeles, CA},
	doi={10.1177/10944281211060}
}

@article{gonzalez2019talent,
	title={``{W}here’s the {I-O?}'': Artificial intelligence and machine learning in talent management systems},
	author={Gonzalez, Manuel F and Capman, John F and Oswald, Frederick L and Theys, Evan R and Tomczak, David L},
	journal={Personnel Assessment and Decisions},
	volume={5},
	number={3},
	pages={33--44},
	year={2019},
	doi={10.25035/pad.2019.03.005},
}

@article{grand_inPressORM,
	title={Hello World! Building computational models to represent social and organizational theory},
	author={Grand, James A and Braun, Michael T and Kuljanin, Goran},
	journal={Organizational Research Methods},
	year={in press},
	doi={10.1177/10944281241261913}
}

@article{granger1969,
	title={Investigating causal relations by econometric models and cross-spectral methods},
	author={Granger, Clive W J},
	journal={Econometrica},
	pages={424--438},
	volume={37},
	number={3},
	year={1969},
	publisher={JSTOR},
	doi={10.2307/1912791}
}

@incollection{haig2020bigData,
	title={Big data science: A philosophy of science perspective},
	author={Haig, Brian D.},
	booktitle={Big data methods for psychological research: New horizons and challenges},
	editor={Woo, S. E. and Proctor, R. and Tay, L.},
	year={2020},
	publisher={American Psychological Association},
	pages={15-33} 
}


@article{hofmans2021,
  author = {Hofmans, J. and Morin, A. J. S. and Breitsohl, H. and Ceulemans, E. and Chénard-Poirier, L. A. and Driver, C. C. and Fernet, C. and Gagné, M. and Gillet, N. and González-Romá, V. and Grimm, K. J. and Hamaker, E. L. and Hau, K.-T. and Houle, S. A. and Howard, J. L. and Kline, R. B. and Kuijpers, E. and Leyens, T. and Litalien, D. and Wille, B.},
  title = {The baby and the bathwater: On the need for substantive–methodological synergy in organizational research},
  journal = {Industrial and Organizational Psychology},
  year = {2021},
  volume = {14},
  number = {4},
  pages = {497--504},
  doi = {10.1017/iop.2021.111}
}

@article{hong2020deductive,
	title={Deductive data mining},
	author={Hong, Minki and Jacobucci, Ross C. and Lubke, Gitta},
	journal={Psychological Methods},
	volume={25},
	number={6},
	pages={691-707},
	year={2020},
	doi={10.1037/met0000252}
}


@article{jacobucci2022,
  author = {Jacobucci, Ross C.},
  title = {A critique of using the labels confirmatory and exploratory in modern psychological research},
  journal = {Frontiers in Psychology},
  year = {2022},
  volume = {13},
  pages = {Article 1020770},
  doi = {10.3389/fpsyg.2022.1020770}
}

@book{jacobucci2023machine,
	title={Machine Learning for Social and Behavioral Research},
	author={Jacobucci, Ross C. and Grimm, Kevin J and Zhang, Zhiyong},
	year={2023},
	publisher={Guilford Press}
}


@book{khan_milner2023,
	title={Introduction to people analytics: A practical guide to data-driven {HR}},
	author={Khan, Nadeem and Millner, Dave},
	year={2023},
	publisher={Kogan Page Publishers},
	edition = {2}
}

@article{koenig_Tonidandel2023,
	title={Improving measurement and prediction in personnel selection through the application of machine learning},
	author={Koenig, Nick and Tonidandel, Scott and Thompson, Isaac and Albritton, Betsy and Koohifar, Farshad and Yankov, Georgi and Speer, Andrew and Hardy III, Jay H and Gibson, Carter and Frost, Chris and others},
	journal={Personnel Psychology},
	volume={76},
	number={4},
	pages={1061--1123},
	year={2023},
	doi={10.1111/peps.12608},
	publisher={Wiley Online Library}
}

@article{konig2020advice,
	title={Some advice for psychologists who want to work with computer scientists on big data},
	author={K{\"o}nig, Cornelius and Demetriou, Marios and Glock, Peter and Hiemstra, Annelies and Iliescu, Dragos and Ionescu, Catalin and Langer, Markus and Liem, Cynthia C. S. and Linnenb{\"u}rger, Anja and Siegel, Rudolf and Vartholomaios, Ilias},
	journal={Personnel Assessment and Decisions},
	volume={6},
	number={1},
	pages={17--23},
	year={2020},
	doi={10.25035/pad.2020.01.002}
}

@article{kumar2024safety,
	title={Determinants of safety outcomes in organizations: Exploring {O*NET} data to predict occupational accident rates},
	author={Kumar, Lavanya S and Burns, Gary N},
	journal={Personnel Psychology},
	volume={77},
	number={2},
	pages={555--594},
	year={2024},
	doi={10.1111/peps.12560},
	publisher={Wiley Online Library}
}

@article{lambert2023ConstrVal,
	title={Construct development and validation in three practical steps: Recommendations for reviewers, editors, and authors},
	author={Lambert, Lisa Schurer and Newman, Daniel A},
	journal={Organizational Research Methods},
	volume={26},
	number={4},
	pages={574--607},
	year={2023},
	doi={10.1177/10944281221115374},
	publisher={Sage Publications Sage CA: Los Angeles, CA}
}

@book{landers2024,
	author    = {Landers, Richard N. and Behrend, Tara S.},
	title     = {Research Methods for Industrial and Organizational Psychology: Science and Practice},
	year      = {2024},
	publisher = {Routledge}	
}

@article{landers2023simulation,
	title={A simulation of the impacts of machine learning to combine psychometric employee selection system predictors on performance prediction, adverse impact, and number of dropped predictors},
	author={Landers, Richard N and Auer, Elena M and Dunk, Lily and Langer, Markus and Tran, Khue N},
	journal={Personnel Psychology},
	volume={76},
	number={4},
	pages={1037--1060},
	year={2023},
	doi={10.1111/peps.12587},
	publisher={Wiley Online Library}
}

@incollection{landers2019data,
	title={Data science as a new foundation for insightful, reproducible, and trustworthy social science},
	author={Landers, Richard N. and Auer, Elisabeth M. and Collmus, Andrew B. and Marin, Sarah},
	booktitle={Cambridge Handbook of Technology and Employee Behavior},
	editor={Landers, Richard N.},
	pages={761--789},
	year={2019},
	publisher={Cambridge University Press}
}

@article{leavitt2021,
  author = {Leavitt, K. and Schabram, K. and Hariharan, P. and Barnes, C. M.},
  title = {Ghost in the machine: On organizational theory in the age of machine learning},
  journal = {Academy of Management Review},
  year = {2021},
  volume = {46},
  number = {4},
  pages = {750--777}
}

@article{lee2023AIG,
	title={A paradigm shift from ``human writing'' to ``machine generation'' in personality test development: An application of state-of-the-art natural language processing},
	author={Lee, Philseok and Fyffe, Shea and Son, Mina and Jia, Zihao and Yao, Ziyu},
	journal={Journal of Business and Psychology},
	volume={38},
	number={1},
	pages={163--190},
	year={2023},
	doi={10.1007/s10869-022-09864-6},
	publisher={Springer}
}

@article{li2024jobAnalysis,
	title={Job characteristics and employee outcomes: Criterion validity of the US Occupational Information Network {O*NET} job analysis database in the Australian context},
	author={Li, Yiqiong and Tuckey, Michelle R and Chen, Peter Y and Dollard, Maureen F},
	journal={European Journal of Work and Organizational Psychology},
	volume={33},
	number={3},
	pages={325--339},
	year={2024},
	doi={10.1080/1359432X.2024.2314923}
}

@article{marshall2024theories_performance,
	title={Theories of performance: A review and integration},
	author={Marshall, Jason D and Aguinis, Herman and Beltran, Jose R},
	journal={Academy of Management Annals},
	volume={18},
	number={2},
	pages={600--625},
	year={2024},
	doi={10.5465/annals.2022.0049}
}

@book{mcnulty2022handbook,
	author    = {McNulty, Kevin},
	title     = {Handbook of Regression Modeling in People Analytics: With Examples in {R} and {P}ython},
	year      = {2022},
	publisher = {Routledge}
}

@book{molnar_XAI,
	author = {Molnar, Christoph},
	title = {Interpretable Machine Learning: A Guide For Making Black Box Models Explainable},
	publisher = {Available at https://christophm.github.io/interpretable-ml-book/},
	year = {2022},
	edition = {2}
}

@article{morin2018person_centered,
	title={Person-centered methodologies in the organizational sciences: Introduction to the feature topic},
	author={Morin, Alexandre JS and Bujacz, Aleksandra and Gagn{\'e}, M},
	journal={Organizational Research Methods},
	volume={21},
	number={4},
	pages={803--813},
	year={2018},
	doi={10.1177/1094428118773856},
	publisher={Sage Publications Sage CA: Los Angeles, CA}
}

@article{nesselroade2016,
	title={Some behaviorial science measurement concerns and proposals},
	author={Nesselroade, John R and Molenaar, Peter CM},
	journal={Multivariate Behavioral Research},
	volume={51},
	number={2-3},
	pages={396---412},
	year={2016},
	publisher={Taylor \& Francis},
	doi={10.1080/00273171.2015.1050481}
}

@article{oswald2020big,
	title={Big data in {I}ndustrial-{O}rganizational psychology and human resource management: Forward progress for organizational research and practice},
	author={Oswald, Frederick L and Behrend, Tara S and Putka, Dan J and Sinar, Evan},
	journal={Annual Review of Organizational Psychology and Organizational Behavior},
	volume={7},
	pages={505--533},
	year={2020},
	doi={10.1146/annurev-orgpsych-032117-104553},
	publisher={Annual Reviews}
}

@article{paxton2017,
  author = {Paxton, A. and Griffiths, T. L.},
  title = {Finding the traces of behavioral and cognitive processes in big data and naturally occurring datasets},
  journal = {Behavior Research Methods},
  year = {2017},
  volume = {49},
  pages = {1630--1638},
  doi = {10.3758/s13428-017-0874-x}
}

@article{perinelli2022sociometer,
	title={The sociometer theory at work: Exploring the organizational interpersonal roots of self-esteem},
	author={Perinelli, Enrico and Alessandri, Guido and Cepale, Gianluca and Fraccaroli, Franco},
	journal={Applied Psychology: An International Review},
	volume={71},
	number={1},
	pages={76--102},
	year={2022},
	doi={https://doi.org/10.1111/apps.12312},
	publisher={Wiley Online Library}
}

@article{perinelli2020lst,
	title={A {L}atent {S}tate-{T}rait analysis of global self-esteem: A reconsideration of its state-like component in an organizational setting},
	author={Perinelli, Enrico and Alessandri, Guido},
	journal={International Journal of Selection and Assessment},
	volume={28},
	number={4},
	pages={465--483},
	year={2020},
	doi={10.1111/ijsa.12308},
	publisher={Wiley Online Library}
}

@article{putka2023evaluating,
	title={Evaluating a natural language processing approach to estimating {KSA} and interest job analysis ratings},
	author={Putka, Dan J and Oswald, Frederick L and Landers, Richard N and Beatty, Adam S and McCloy, Rodney A and Yu, Martin C},
	journal={Journal of Business and Psychology},
	volume={38},
	number={2},
	pages={385--410},
	year={2023},
	doi={10.1007/s10869-022-09824-0},
	publisher={Springer}
}

@article{putka2018modern,
	title={Modern prediction methods: New perspectives on a common problem},
	author={Putka, Dan J and Beatty, Adam S and Reeder, Matthew C},
	journal={Organizational Research Methods},
	volume={21},
	number={3},
	pages={689--732},
	year={2018},
	doi={10.1177/1094428117697041},
	publisher={Sage Publications Sage CA: Los Angeles, CA}
}

@article{ronkko2022,
	title={An updated guideline for assessing discriminant validity},
	author={R{\"o}nkk{\"o}, Mikko and Cho, Eunseong},
	journal={Organizational Research Methods},
	volume={25},
	number={1},
	pages={6--14},
	year={2022},
	doi={10.1177/1094428120968614},
	publisher={Sage Publications Sage CA: Los Angeles, CA}
}

@article{rossiter2008content,
	title={Content validity of measures of abstract constructs in management and organizational research},
	author={Rossiter, John R},
	journal={British Journal of Management},
	volume={19},
	number={4},
	pages={380--388},
	year={2008},
	publisher={Wiley Online Library},
	doi={10.1111/j.1467-8551.2008.00587.x}
}

@article{sajjadiani2019using,
	title={Using machine learning to translate applicant work history into predictors of performance and turnover},
	author={Sajjadiani, Sima and Sojourner, Aaron J and Kammeyer-Mueller, John D and Mykerezi, Elton},
	journal={Journal of Applied Psychology},
	volume={104},
	number={10},
	pages={1207--1225},
	year={2019},
	doi={10.1037/apl0000405},
	publisher={American Psychological Association}
}

@article{schaufeli2017uwes,
	title={An ultra-short measure for work engagement: The {UWES}-3 validation across five countries},
	author={Schaufeli, Wilmar B and Shimazu, Akihito and Hakanen, Jari and Salanova, Marisa and De Witte, Hans},
	journal={European Journal of Psychological Assessment},
	year={2017},
	volume={35},
	number={4},
	doi={10.1027/1015-5759/a000430},
	pages={577–-591},
	publisher={Hogrefe Publishing}
}

@article{serang2017exploratoryMed,
	title={Exploratory mediation analysis via regularization},
	author={Serang, Sarah and Jacobucci, Ross C. and Brimhall, Kacey C. and Grimm, Kevin J.},
	journal={Structural Equation Modeling: A Multidisciplinary Journal},
	volume={24},
	number={5},
	pages={733-744},
	year={2017},
	doi={10.1080/10705511.2017.1346838},
	publisher={Routledge}
}


@article{shmueli2010,
  author = {Shmueli, G.},
  title = {To explain or to predict?},
  journal = {Statistical Science},
  year = {2010},
  volume = {25},
  number = {3},
  pages = {289--310},
  doi = {10.1214/10-STS330}
}

@article{sheetal2023LongitudinalML,
	title={Using machine learning to analyze longitudinal data: A tutorial guide and best-practice recommendations for social science researchers},
	author={Sheetal, Abhishek and Jiang, Zhou and Di Milia, Lee},
	journal={Applied Psychology: An International Review},
	volume={72},
	number={3},
	pages={1339--1364},
	year={2023},
	doi={10.1111/apps.12435},
	publisher={Wiley Online Library}
}

@article{somaraju2022measurInvar,
	title={A review of measurement equivalence in organizational research: What's old, what's new, what's next?},
	author={Somaraju, Ajay V and Nye, Christopher D and Olenick, Jeffrey},
	journal={Organizational Research Methods},
	volume={25},
	number={4},
	pages={741--785},
	year={2022},
	doi={10.1177/10944281211056524},
	publisher={Sage Publications Sage CA: Los Angeles, CA}
}

@article{song_XAI,
	title={Revisiting the nature and strength of the personality--job performance relations: New insights from interpretable machine learning},
	author={Song, Q. C. and Oh, I.-S. and Kim, Y. and So, C.},
	journal={Journal of Applied Psychology},
	year={in press},
	doi={10.1037/apl0001218}
}

@book{spector2017,
	title={Industrial and organizational psychology: Research and practice},
	author={Spector, Paul E},
	year={2017},
	edition={7},
	publisher={John Wiley \& Sons}
}

@book{starbuck2023fundamentals,
	author    = {Starbuck, Christopher},
	title     = {The Fundamentals of People Analytics: With Applications in {R}},
	year      = {2023},
	publisher = {Springer}
}

@article{stanghellini2024,
	title={Introducing semantic loadings in factor analysis: Bridging network psychometrics and cognitive networks for understanding depression, anxiety and stress},
	author={Stanghellini, F. and Perinelli, E. and Lombardi, L. and Stella, M.},
	journal={advances.in/psychology},
	volume={2},
	year={2024},
	pages={Article e35366},
	doi={10.56296/aip00008}
}


@book{tonidandel2016big,
	title={Big data at work: The data science revolution and organizational psychology},
	author={Tonidandel, Scott and King, Eden B and Cortina, Jose M},
	year={2016},
	publisher={Routledge}
}

@article{tonidandel2018big,
	title={Big data methods: Leveraging modern data analytic techniques to build organizational science},
	author={Tonidandel, Scott and King, Eden B and Cortina, Jose M},
	journal={Organizational Research Methods},
	volume={21},
	number={3},
	pages={525--547},
	year={2018},
	doi={10.1177/1094428116677299},
	publisher={Sage Publications Sage CA: Los Angeles, CA}
}

@article{tonidandel2022leadersh,
	title={Using structural topic modeling to gain insight into challenges faced by leaders},
	author={Tonidandel, Scott and Summerville, Karoline M and Gentry, William A and Young, Stephen F},
	journal={The Leadership Quarterly},
	volume={33},
	number={5},
	pages={Article 101576},
	doi={10.1016/j.leaqua.2021.101576},
	year={2022},
	publisher={Elsevier}
}

@article{thatcher2024_JOM,
  author = {Thatcher, S. M. B. and Pfarrer, M. D. and Devers, C. E.},
  title = {Breaking news: {JOM} wants your theory papers},
  journal = {Journal of Management},
  year = {2024},
  volume = {50},
  number = {4},
  pages = {1183--1185},
  doi = {10.1177/01492063241227422}
}

@article{vanDongen_inPress_PsychReview,
	title={Productive explanation: A framework for evaluating explanations in psychological science},
	author={van Dongen, N. and van Bork, R. and Finnemann, A. and Haslbeck, J. M. B. and van der Maas, H. L. J. and Robinaugh, D. J. and de Ron, J. and Sprenger, J. and Borsboom, D.},
	journal={Psychological Review},
	year={in press},
	doi={10.1037/rev0000479}
}


@article{vanRoekel2024textWorkEngag,
	title={What is work engagement? {A} text mining approach using employees' self-narratives},
	author={van Roekel, Henrico and Wigger, Enno FJ and Veldkamp, Bernard P and Bakker, Arnold B},
	journal={Applied Psychology: An International Review},
	volume={73},
	number={3},
	pages={1071--1102},
	year={2024},
	doi={10.1111/apps.12501},
	publisher={Wiley Online Library}
}

@article{viteles1922,
	title={Job Specifications and Diagnostic Tests of Job Competency Designed for the Auditing Division of a Street Railway Company: A Psychological Study in Industrial Guidance},
	author={Viteles, Morris S},
	journal={The Psychological Clinic},
	volume={14},
	number={3-4},
	pages={83--105},
	year={1922}
}

@article{yarkoni2017,
	author = {Yarkoni, T. and Westfall, J.},
	title = {Choosing prediction over explanation in psychology: Lessons from Machine Learning},
	journal = {Perspectives on Psychological Science},
	year = {2017},
	volume = {12},
	number = {6},
	pages = {1100--1122},
	doi = {10.1177/1745691617693393}
}

@article{woo2024,
  author = {Woo, S. E. and Tay, L. and Oswald, F.},
  title = {Artificial intelligence, machine learning, and big data: Improvements to the science of people at work and applications to practice},
  journal = {Personnel Psychology},
  year = {in press},
  doi = {10.1111/peps.12643}
}

@article{zhou2021dsem,
	title={Intensive longitudinal data analyses with {D}ynamic {S}tructural {E}quation {M}odeling},
	author={Zhou, Le and Wang, Mo and Zhang, Zhen},
	journal={Organizational Research Methods},
	volume={24},
	number={2},
	pages={219--250},
	year={2021},
	doi={10.1177/1094428119833164},
	publisher={Sage Publications Sage CA: Los Angeles, CA}
}

@article{zyphur2023structural,
	title={Structural equation modeling in organizational research: The state of our science and some proposals for its future},
	author={Zyphur, Michael J and Bonner, Cavan V and Tay, Louis},
	journal={Annual Review of Organizational Psychology and Organizational Behavior},
	volume={10},
	pages={495--517},
	year={2023},
	doi={10.1146/annurev-orgpsych-041621-031401},
	publisher={Annual Reviews}
}